<mx:record xmlns:v="http://viaf.org/viaf/terms#" xmlns:srw="http://www.loc.gov/zing/srw/" xmlns:mx="http://www.loc.gov/MARC21/slim"><mx:leader>00000nz##a22.....n..4500</mx:leader><mx:controlfield tag="001">viaf76661559</mx:controlfield><mx:controlfield tag="003">OCoLC</mx:controlfield><mx:controlfield tag="008">090303n||azznnabbn##########|a#aaa####|#</mx:controlfield><mx:datafield ind2=" " ind1="7" tag="024"><mx:subfield code="a">http://viaf.org/viaf/76661559</mx:subfield><mx:subfield code="2">uri</mx:subfield></mx:datafield><mx:datafield ind2=" " ind1=" " tag="040"><mx:subfield code="a">VIAF</mx:subfield><mx:subfield code="c">VIAF</mx:subfield></mx:datafield><mx:datafield tag="100" ind2=" " ind1="0"><mx:subfield code="a">Clidemus</mx:subfield><mx:subfield code="c">Atheniensis</mx:subfield><mx:subfield code="d">4. Jh. v. Chr.</mx:subfield><mx:subfield code="0">(DNB)100443613</mx:subfield></mx:datafield><mx:datafield ind2=" " ind1=" " tag="375"><mx:subfield code="a">unknown</mx:subfield><mx:subfield code="2">0</mx:subfield></mx:datafield><mx:datafield tag="400" ind2=" " ind1="0"><mx:subfield code="a">Cleidemus</mx:subfield><mx:subfield code="d">4. Jh. v. Chr.</mx:subfield><mx:subfield code="2">DNB</mx:subfield></mx:datafield><mx:datafield tag="400" ind2=" " ind1="0"><mx:subfield code="a">Clidemo</mx:subfield><mx:subfield code="c">Autore di una Atthis</mx:subfield><mx:subfield code="d">4. Jh. v. Chr.</mx:subfield><mx:subfield code="2">DNB</mx:subfield></mx:datafield><mx:datafield tag="400" ind2=" " ind1="0"><mx:subfield code="a">Clidemo</mx:subfield><mx:subfield code="c">di Atene</mx:subfield><mx:subfield code="d">4. Jh. v. Chr.</mx:subfield><mx:subfield code="2">DNB</mx:subfield></mx:datafield><mx:datafield tag="400" ind2=" " ind1="0"><mx:subfield code="a">Clidemus</mx:subfield><mx:subfield code="c">Historicus</mx:subfield><mx:subfield code="d">4. Jh. v. Chr.</mx:subfield><mx:subfield code="2">DNB</mx:subfield></mx:datafield><mx:datafield tag="400" ind2=" " ind1="0"><mx:subfield code="a">Clidemus</mx:subfield><mx:subfield code="c">Philosophus</mx:subfield><mx:subfield code="d">4. Jh. v. Chr.</mx:subfield><mx:subfield code="2">DNB</mx:subfield></mx:datafield><mx:datafield tag="400" ind2=" " ind1="0"><mx:subfield code="a">Clitodemo</mx:subfield><mx:subfield code="c">Autore di una Atthis</mx:subfield><mx:subfield code="d">4. Jh. v. Chr.</mx:subfield><mx:subfield code="2">DNB</mx:subfield></mx:datafield><mx:datafield tag="400" ind2=" " ind1="0"><mx:subfield code="a">Clitodemo</mx:subfield><mx:subfield code="c">di Atene</mx:subfield><mx:subfield code="d">4. Jh. v. Chr.</mx:subfield><mx:subfield code="2">DNB</mx:subfield></mx:datafield><mx:datafield tag="400" ind2=" " ind1="0"><mx:subfield code="a">Clitodemus</mx:subfield><mx:subfield code="c">Atheniensis</mx:subfield><mx:subfield code="d">4. Jh. v. Chr.</mx:subfield><mx:subfield code="2">DNB</mx:subfield></mx:datafield><mx:datafield tag="400" ind2=" " ind1="0"><mx:subfield code="a">Clitodemus</mx:subfield><mx:subfield code="c">Historicus</mx:subfield><mx:subfield code="d">4. Jh. v. Chr.</mx:subfield><mx:subfield code="2">DNB</mx:subfield></mx:datafield><mx:datafield tag="400" ind2=" " ind1="0"><mx:subfield code="a">Clitodemus</mx:subfield><mx:subfield code="d">4. Jh. v. Chr.</mx:subfield><mx:subfield code="2">DNB</mx:subfield></mx:datafield><mx:datafield tag="400" ind2=" " ind1="0"><mx:subfield code="a">Kleidemos</mx:subfield><mx:subfield code="c">Atthidograph</mx:subfield><mx:subfield code="d">4. Jh. v. Chr.</mx:subfield><mx:subfield code="2">DNB</mx:subfield></mx:datafield><mx:datafield tag="400" ind2=" " ind1="0"><mx:subfield code="a">Kleidemos</mx:subfield><mx:subfield code="c">Exeget</mx:subfield><mx:subfield code="d">4. Jh. v. Chr.</mx:subfield><mx:subfield code="2">DNB</mx:subfield></mx:datafield><mx:datafield tag="400" ind2=" " ind1="0"><mx:subfield code="a">Kleidemos</mx:subfield><mx:subfield code="c">von Athen</mx:subfield><mx:subfield code="d">4. Jh. v. Chr.</mx:subfield><mx:subfield code="2">DNB</mx:subfield></mx:datafield><mx:datafield tag="400" ind2=" " ind1="0"><mx:subfield code="a">Kleitodemos</mx:subfield><mx:subfield code="c">von Athen</mx:subfield><mx:subfield code="d">4. Jh. v. Chr.</mx:subfield><mx:subfield code="2">DNB</mx:subfield></mx:datafield><mx:datafield tag="950" ind2=" " ind1=" "><mx:subfield code="a">phanodemus</mx:subfield><mx:subfield code="9">1</mx:subfield><mx:subfield code="2">DNB</mx:subfield></mx:datafield><mx:datafield tag="910" ind2=" " ind1=" "><mx:subfield code="a">phanodemi demonis clitodemi atque istri atthidon et reliquorum librorum fr</mx:subfield><mx:subfield code="9">1</mx:subfield><mx:subfield code="2">DNB</mx:subfield></mx:datafield><mx:datafield tag="922" ind2=" " ind1=" "><mx:subfield code="a">DE</mx:subfield><mx:subfield code="9">1</mx:subfield><mx:subfield code="2">DNB</mx:subfield></mx:datafield><mx:datafield ind2=" " ind1=" " tag="943"><mx:subfield code="a">181.</mx:subfield><mx:subfield code="9">1</mx:subfield></mx:datafield><mx:datafield ind2=" " ind1=" " tag="970"><mx:subfield code="a">-300</mx:subfield><mx:subfield code="b">0</mx:subfield><mx:subfield code="c">lived</mx:subfield></mx:datafield></mx:record>